Trade_Time,Price_USD,Volume_BTC,Symbol
2025-09-30 00:00:37.503,114192.1,0.001,BTCUSDT
2025-09-30 00:00:37.667,114192.1,0.001,BTCUSDT
2025-09-30 00:00:37.854,114192.1,0.001,BTCUSDT
2025-09-30 00:00:37.873,114192.1,0.001,BTCUSDT
2025-09-30 00:00:37.887,114192.0,0.001,BTCUSDT
2025-09-30 00:00:37.887,114192.0,0.001,BTCUSDT
2025-09-30 00:00:37.887,114192.0,0.001,BTCUSDT
2025-09-30 00:00:37.887,114192.0,0.001,BTCUSDT
2025-09-30 00:00:37.887,114192.0,0.001,BTCUSDT
2025-09-30 00:00:37.887,114192.0,0.001,BTCUSDT
2025-09-30 00:00:37.887,114192.0,0.001,BTCUSDT
2025-09-30 00:00:37.887,114192.0,0.148,BTCUSDT
2025-09-30 00:00:37.887,114192.0,0.001,BTCUSDT
2025-09-30 00:00:37.887,114192.0,0.004,BTCUSDT
2025-09-30 00:00:37.887,114192.0,0.004,BTCUSDT
2025-09-30 00:00:37.887,114192.0,0.001,BTCUSDT
2025-09-30 00:00:37.887,114192.0,0.006,BTCUSDT
2025-09-30 00:00:37.887,114192.0,0.007,BTCUSDT
2025-09-30 00:00:37.887,114192.0,0.005,BTCUSDT
2025-09-30 00:00:37.887,114192.0,0.001,BTCUSDT
2025-09-30 00:00:37.887,114192.0,0.004,BTCUSDT
2025-09-30 00:00:37.887,114192.0,0.001,BTCUSDT
2025-09-30 00:00:37.887,114192.0,0.001,BTCUSDT
2025-09-30 00:00:37.887,114192.0,0.003,BTCUSDT
2025-09-30 00:00:37.887,114192.0,0.001,BTCUSDT
2025-09-30 00:00:37.887,114192.0,0.006,BTCUSDT
2025-09-30 00:00:37.887,114192.0,0.023,BTCUSDT
2025-09-30 00:00:37.887,114192.0,0.076,BTCUSDT
2025-09-30 00:00:37.887,114192.0,0.048,BTCUSDT
2025-09-30 00:00:37.887,114192.0,0.006,BTCUSDT
2025-09-30 00:00:37.929,114191.9,0.001,BTCUSDT
2025-09-30 00:00:37.954,114192.0,0.002,BTCUSDT
2025-09-30 00:00:38.076,114192.0,0.206,BTCUSDT
2025-09-30 00:00:38.137,114191.9,0.001,BTCUSDT
2025-09-30 00:00:38.137,114191.9,0.001,BTCUSDT
2025-09-30 00:00:38.137,114191.9,0.05,BTCUSDT
2025-09-30 00:00:38.318,114191.9,0.088,BTCUSDT
2025-09-30 00:00:38.619,114192.0,0.916,BTCUSDT
2025-09-30 00:00:38.619,114192.0,0.429,BTCUSDT
2025-09-30 00:00:38.782,114192.0,0.021,BTCUSDT
2025-09-30 00:00:38.857,114191.9,0.087,BTCUSDT
2025-09-30 00:00:38.857,114191.9,0.004,BTCUSDT
2025-09-30 00:00:38.857,114191.9,0.71,BTCUSDT
2025-09-30 00:00:38.857,114191.9,0.015,BTCUSDT
2025-09-30 00:00:38.857,114191.9,0.259,BTCUSDT
2025-09-30 00:00:38.857,114191.9,0.002,BTCUSDT
2025-09-30 00:00:38.857,114191.9,0.053,BTCUSDT
2025-09-30 00:00:38.857,114191.9,0.259,BTCUSDT
2025-09-30 00:00:38.857,114191.9,0.004,BTCUSDT
2025-09-30 00:00:38.857,114191.9,0.001,BTCUSDT
2025-09-30 00:00:38.857,114191.9,0.001,BTCUSDT
2025-09-30 00:00:38.857,114191.9,0.052,BTCUSDT
2025-09-30 00:00:38.857,114191.9,0.052,BTCUSDT
2025-09-30 00:00:38.857,114191.9,0.052,BTCUSDT
2025-09-30 00:00:38.857,114191.9,0.002,BTCUSDT
2025-09-30 00:00:38.857,114191.9,0.002,BTCUSDT
2025-09-30 00:00:38.857,114191.9,0.001,BTCUSDT
2025-09-30 00:00:38.857,114191.9,0.025,BTCUSDT
2025-09-30 00:00:38.857,114191.9,0.155,BTCUSDT
2025-09-30 00:00:38.857,114191.9,0.125,BTCUSDT
2025-09-30 00:00:38.857,114191.9,0.207,BTCUSDT
2025-09-30 00:00:38.857,114191.9,0.053,BTCUSDT
2025-09-30 00:00:38.857,114191.9,1.191,BTCUSDT
2025-09-30 00:00:38.857,114191.9,0.25,BTCUSDT
2025-09-30 00:00:38.857,114191.9,0.172,BTCUSDT
2025-09-30 00:00:38.857,114191.9,0.001,BTCUSDT
2025-09-30 00:00:38.857,114191.9,0.177,BTCUSDT
2025-09-30 00:00:38.857,114191.9,0.002,BTCUSDT
2025-09-30 00:00:38.857,114191.9,0.566,BTCUSDT
2025-09-30 00:00:38.877,114192.0,0.006,BTCUSDT
2025-09-30 00:00:39.130,114191.9,0.044,BTCUSDT
2025-09-30 00:00:39.253,114191.9,0.069,BTCUSDT
2025-09-30 00:00:39.259,114192.0,0.015,BTCUSDT
2025-09-30 00:00:39.262,114192.0,0.184,BTCUSDT
2025-09-30 00:00:39.262,114192.0,0.002,BTCUSDT
2025-09-30 00:00:39.320,114191.9,0.088,BTCUSDT
2025-09-30 00:00:39.391,114192.0,0.008,BTCUSDT
2025-09-30 00:00:39.411,114192.0,0.1,BTCUSDT
2025-09-30 00:00:39.758,114192.0,0.008,BTCUSDT
2025-09-30 00:00:40.226,114191.9,0.088,BTCUSDT
2025-09-30 00:00:40.342,114191.9,0.014,BTCUSDT
2025-09-30 00:00:40.355,114192.0,0.008,BTCUSDT
2025-09-30 00:00:40.369,114191.9,0.021,BTCUSDT
2025-09-30 00:00:40.369,114191.9,0.25,BTCUSDT
2025-09-30 00:00:40.369,114191.9,0.001,BTCUSDT
2025-09-30 00:00:40.369,114191.9,0.001,BTCUSDT
2025-09-30 00:00:40.369,114191.9,0.001,BTCUSDT
2025-09-30 00:00:40.369,114191.9,0.001,BTCUSDT
2025-09-30 00:00:40.369,114191.9,0.052,BTCUSDT
2025-09-30 00:00:40.369,114191.9,0.052,BTCUSDT
2025-09-30 00:00:40.369,114191.9,0.052,BTCUSDT
2025-09-30 00:00:40.369,114191.9,0.011,BTCUSDT
2025-09-30 00:00:40.369,114191.9,0.052,BTCUSDT
2025-09-30 00:00:40.369,114191.9,0.017,BTCUSDT
2025-09-30 00:00:40.369,114191.9,0.006,BTCUSDT
2025-09-30 00:00:40.369,114191.9,0.007,BTCUSDT
2025-09-30 00:00:40.369,114191.9,0.002,BTCUSDT
2025-09-30 00:00:40.369,114191.9,0.001,BTCUSDT
2025-09-30 00:00:40.369,114191.8,0.002,BTCUSDT
2025-09-30 00:00:40.369,114191.8,0.001,BTCUSDT
2025-09-30 00:00:40.369,114191.8,0.001,BTCUSDT
2025-09-30 00:00:40.369,114191.8,0.015,BTCUSDT
2025-09-30 00:00:40.369,114191.8,0.004,BTCUSDT
2025-09-30 00:00:40.369,114191.5,0.002,BTCUSDT
2025-09-30 00:00:40.369,114191.3,0.038,BTCUSDT
2025-09-30 00:00:40.369,114191.2,0.05,BTCUSDT
2025-09-30 00:00:40.369,114191.2,0.002,BTCUSDT
2025-09-30 00:00:40.369,114190.9,0.034,BTCUSDT
2025-09-30 00:00:40.369,114190.6,0.028,BTCUSDT
2025-09-30 00:00:40.369,114190.4,0.05,BTCUSDT
2025-09-30 00:00:40.369,114190.4,0.002,BTCUSDT
2025-09-30 00:00:40.369,114190.4,0.002,BTCUSDT
2025-09-30 00:00:40.369,114190.0,0.001,BTCUSDT
2025-09-30 00:00:40.369,114189.8,0.002,BTCUSDT
2025-09-30 00:00:40.369,114189.7,0.001,BTCUSDT
2025-09-30 00:00:40.369,114189.3,0.004,BTCUSDT
2025-09-30 00:00:40.369,114189.2,0.002,BTCUSDT
2025-09-30 00:00:40.369,114189.1,0.002,BTCUSDT
2025-09-30 00:00:40.369,114189.1,0.002,BTCUSDT
2025-09-30 00:00:40.369,114188.8,0.065,BTCUSDT
2025-09-30 00:00:40.369,114188.4,0.001,BTCUSDT
2025-09-30 00:00:40.369,114188.2,0.001,BTCUSDT
2025-09-30 00:00:40.369,114188.1,0.002,BTCUSDT
2025-09-30 00:00:40.369,114188.1,0.002,BTCUSDT
2025-09-30 00:00:40.369,114188.1,0.002,BTCUSDT
2025-09-30 00:00:40.369,114188.0,0.001,BTCUSDT
2025-09-30 00:00:40.369,114187.5,0.002,BTCUSDT
2025-09-30 00:00:40.369,114187.4,0.001,BTCUSDT
2025-09-30 00:00:40.369,114187.4,0.026,BTCUSDT
2025-09-30 00:00:40.372,114187.4,0.011,BTCUSDT
2025-09-30 00:00:40.372,114187.4,0.03,BTCUSDT
2025-09-30 00:00:40.372,114187.4,0.002,BTCUSDT
2025-09-30 00:00:40.372,114187.4,0.004,BTCUSDT
2025-09-30 00:00:40.372,114187.4,0.002,BTCUSDT
2025-09-30 00:00:40.372,114187.4,0.004,BTCUSDT
2025-09-30 00:00:40.372,114187.4,0.006,BTCUSDT
2025-09-30 00:00:40.372,114187.4,0.004,BTCUSDT
2025-09-30 00:00:40.372,114187.4,0.005,BTCUSDT
2025-09-30 00:00:40.372,114187.4,0.005,BTCUSDT
2025-09-30 00:00:40.372,114187.4,0.004,BTCUSDT
2025-09-30 00:00:40.372,114187.4,0.001,BTCUSDT
2025-09-30 00:00:40.374,114187.4,0.117,BTCUSDT
2025-09-30 00:00:40.375,114187.4,0.03,BTCUSDT
2025-09-30 00:00:40.375,114187.4,0.087,BTCUSDT
2025-09-30 00:00:40.571,114187.5,0.062,BTCUSDT
2025-09-30 00:00:40.713,114187.5,0.008,BTCUSDT
2025-09-30 00:00:40.853,114187.5,0.115,BTCUSDT
2025-09-30 00:00:41.146,114187.4,0.087,BTCUSDT
2025-09-30 00:00:41.146,114187.4,0.001,BTCUSDT
2025-09-30 00:00:41.216,114187.4,0.001,BTCUSDT
2025-09-30 00:00:41.266,114187.5,0.008,BTCUSDT
2025-09-30 00:00:41.365,114187.5,0.742,BTCUSDT
2025-09-30 00:00:41.365,114187.5,0.088,BTCUSDT
2025-09-30 00:00:41.365,114187.5,0.089,BTCUSDT
2025-09-30 00:00:41.370,114187.5,0.001,BTCUSDT
2025-09-30 00:00:41.370,114187.5,0.5,BTCUSDT
2025-09-30 00:00:41.370,114187.5,0.117,BTCUSDT
2025-09-30 00:00:41.380,114187.5,0.001,BTCUSDT
2025-09-30 00:00:41.380,114187.5,0.002,BTCUSDT
2025-09-30 00:00:41.380,114187.5,0.008,BTCUSDT
2025-09-30 00:00:41.380,114187.5,0.034,BTCUSDT
2025-09-30 00:00:41.380,114187.5,0.087,BTCUSDT
2025-09-30 00:00:41.380,114187.5,0.001,BTCUSDT
2025-09-30 00:00:41.380,114187.5,0.008,BTCUSDT
2025-09-30 00:00:41.380,114187.5,0.003,BTCUSDT
2025-09-30 00:00:41.380,114187.5,0.003,BTCUSDT
2025-09-30 00:00:41.380,114187.5,0.009,BTCUSDT
2025-09-30 00:00:41.380,114187.5,0.003,BTCUSDT
2025-09-30 00:00:41.380,114187.5,0.002,BTCUSDT
2025-09-30 00:00:41.380,114187.5,0.002,BTCUSDT
2025-09-30 00:00:41.380,114187.6,0.001,BTCUSDT
2025-09-30 00:00:41.380,114187.6,0.001,BTCUSDT
2025-09-30 00:00:41.380,114188.0,0.002,BTCUSDT
2025-09-30 00:00:41.380,114188.1,0.002,BTCUSDT
2025-09-30 00:00:41.380,114188.4,0.001,BTCUSDT
2025-09-30 00:00:41.380,114189.0,0.002,BTCUSDT
2025-09-30 00:00:41.380,114189.1,0.002,BTCUSDT
2025-09-30 00:00:41.380,114189.7,0.002,BTCUSDT
2025-09-30 00:00:41.380,114190.0,0.002,BTCUSDT
2025-09-30 00:00:41.380,114190.0,0.001,BTCUSDT
2025-09-30 00:00:41.380,114190.4,0.002,BTCUSDT
2025-09-30 00:00:41.380,114190.6,0.002,BTCUSDT
2025-09-30 00:00:41.380,114191.0,0.001,BTCUSDT
2025-09-30 00:00:41.380,114191.3,0.002,BTCUSDT
2025-09-30 00:00:41.386,114191.4,0.002,BTCUSDT
2025-09-30 00:00:41.386,114191.6,0.001,BTCUSDT
2025-09-30 00:00:41.393,114192.0,0.001,BTCUSDT
2025-09-30 00:00:41.393,114192.0,0.007,BTCUSDT
2025-09-30 00:00:41.393,114192.0,0.008,BTCUSDT
2025-09-30 00:00:41.393,114192.0,0.008,BTCUSDT
2025-09-30 00:00:41.419,114192.0,0.087,BTCUSDT
2025-09-30 00:00:41.421,114192.0,0.048,BTCUSDT
2025-09-30 00:00:41.421,114192.0,0.165,BTCUSDT
2025-09-30 00:00:41.421,114192.0,0.054,BTCUSDT
2025-09-30 00:00:41.421,114192.0,0.002,BTCUSDT
2025-09-30 00:00:41.421,114192.0,0.002,BTCUSDT
2025-09-30 00:00:41.421,114192.1,0.001,BTCUSDT
2025-09-30 00:00:41.421,114192.2,0.002,BTCUSDT
2025-09-30 00:00:41.421,114192.4,0.01,BTCUSDT
2025-09-30 00:00:41.421,114192.5,0.002,BTCUSDT
2025-09-30 00:00:41.421,114192.8,0.002,BTCUSDT
2025-09-30 00:00:41.421,114193.2,0.001,BTCUSDT
2025-09-30 00:00:41.421,114193.3,0.001,BTCUSDT
2025-09-30 00:00:41.421,114193.4,0.002,BTCUSDT
2025-09-30 00:00:41.421,114193.5,0.001,BTCUSDT
2025-09-30 00:00:41.421,114193.7,0.002,BTCUSDT
2025-09-30 00:00:41.421,114193.8,0.001,BTCUSDT
2025-09-30 00:00:41.421,114193.8,0.001,BTCUSDT
2025-09-30 00:00:41.421,114194.4,0.002,BTCUSDT
2025-09-30 00:00:41.421,114194.4,0.002,BTCUSDT
2025-09-30 00:00:41.421,114194.7,0.003,BTCUSDT
2025-09-30 00:00:41.421,114194.8,0.002,BTCUSDT
2025-09-30 00:00:41.421,114195.0,0.001,BTCUSDT
2025-09-30 00:00:41.421,114195.0,0.002,BTCUSDT
2025-09-30 00:00:41.421,114195.1,0.002,BTCUSDT
2025-09-30 00:00:41.421,114195.2,0.001,BTCUSDT
2025-09-30 00:00:41.460,114195.3,0.207,BTCUSDT
2025-09-30 00:00:41.577,114195.3,0.003,BTCUSDT
2025-09-30 00:00:41.607,114195.3,0.008,BTCUSDT
2025-09-30 00:00:41.975,114195.3,0.002,BTCUSDT
2025-09-30 00:00:42.012,114195.2,0.027,BTCUSDT
2025-09-30 00:00:42.171,114195.3,0.024,BTCUSDT
2025-09-30 00:00:42.185,114195.2,0.088,BTCUSDT
2025-09-30 00:00:42.847,114195.2,0.125,BTCUSDT
2025-09-30 00:00:42.848,114195.2,0.276,BTCUSDT
2025-09-30 00:00:42.849,114195.2,0.209,BTCUSDT
2025-09-30 00:00:42.849,114195.2,0.5,BTCUSDT
2025-09-30 00:00:42.849,114195.2,0.287,BTCUSDT
2025-09-30 00:00:42.849,114195.2,0.436,BTCUSDT
2025-09-30 00:00:42.850,114195.2,0.846,BTCUSDT
2025-09-30 00:00:42.850,114195.2,0.001,BTCUSDT
2025-09-30 00:00:42.850,114195.2,0.052,BTCUSDT
2025-09-30 00:00:42.850,114195.2,0.012,BTCUSDT
2025-09-30 00:00:42.850,114195.2,0.05,BTCUSDT
2025-09-30 00:00:42.850,114195.2,0.002,BTCUSDT
2025-09-30 00:00:42.850,114195.2,0.014,BTCUSDT
2025-09-30 00:00:42.850,114195.2,0.002,BTCUSDT
2025-09-30 00:00:42.850,114195.2,0.001,BTCUSDT
2025-09-30 00:00:42.850,114195.2,0.001,BTCUSDT
2025-09-30 00:00:42.850,114195.2,0.015,BTCUSDT
2025-09-30 00:00:42.851,114195.2,0.003,BTCUSDT
2025-09-30 00:00:42.851,114195.2,0.001,BTCUSDT
2025-09-30 00:00:42.851,114195.2,0.006,BTCUSDT
2025-09-30 00:00:42.851,114195.2,0.001,BTCUSDT
2025-09-30 00:00:42.851,114195.2,0.001,BTCUSDT
2025-09-30 00:00:42.851,114195.2,0.001,BTCUSDT
2025-09-30 00:00:42.851,114195.2,0.001,BTCUSDT
2025-09-30 00:00:42.851,114195.1,0.002,BTCUSDT
2025-09-30 00:00:42.851,114195.1,0.001,BTCUSDT
2025-09-30 00:00:42.851,114195.1,0.001,BTCUSDT
2025-09-30 00:00:42.851,114195.1,0.001,BTCUSDT
2025-09-30 00:00:42.851,114195.0,0.001,BTCUSDT
2025-09-30 00:00:42.856,114194.4,0.05,BTCUSDT
2025-09-30 00:00:42.856,114194.3,0.002,BTCUSDT
2025-09-30 00:00:42.856,114193.8,0.001,BTCUSDT
2025-09-30 00:00:42.856,114193.4,0.003,BTCUSDT
2025-09-30 00:00:42.856,114193.4,0.032,BTCUSDT
2025-09-30 00:00:42.856,114192.9,0.001,BTCUSDT
2025-09-30 00:00:42.856,114192.5,0.002,BTCUSDT
2025-09-30 00:00:42.948,114192.0,0.008,BTCUSDT
2025-09-30 00:00:42.952,114191.9,0.004,BTCUSDT
2025-09-30 00:00:42.952,114191.9,0.718,BTCUSDT
2025-09-30 00:00:42.952,114191.9,0.522,BTCUSDT
2025-09-30 00:00:42.952,114191.9,0.059,BTCUSDT
2025-09-30 00:00:42.953,114191.9,0.088,BTCUSDT
2025-09-30 00:00:42.954,114191.9,0.027,BTCUSDT
2025-09-30 00:00:42.968,114191.9,0.042,BTCUSDT
2025-09-30 00:00:43.095,114191.9,0.27,BTCUSDT
2025-09-30 00:00:43.096,114191.9,1.022,BTCUSDT
2025-09-30 00:00:43.096,114191.9,0.85,BTCUSDT
2025-09-30 00:00:43.108,114191.9,0.218,BTCUSDT
2025-09-30 00:00:43.108,114191.9,0.574,BTCUSDT
2025-09-30 00:00:43.109,114191.9,2.452,BTCUSDT
2025-09-30 00:00:43.113,114191.9,0.377,BTCUSDT
2025-09-30 00:00:43.113,114191.9,1.126,BTCUSDT
2025-09-30 00:00:43.115,114191.9,0.671,BTCUSDT
2025-09-30 00:00:43.115,114191.9,0.061,BTCUSDT
2025-09-30 00:00:43.116,114191.9,0.328,BTCUSDT
2025-09-30 00:00:43.117,114191.9,2.111,BTCUSDT
2025-09-30 00:00:43.117,114191.9,2.552,BTCUSDT
2025-09-30 00:00:43.117,114191.9,0.261,BTCUSDT
2025-09-30 00:00:43.117,114191.9,0.208,BTCUSDT
2025-09-30 00:00:43.117,114191.9,5.164,BTCUSDT
2025-09-30 00:00:43.117,114191.9,0.539,BTCUSDT
2025-09-30 00:00:43.118,114191.9,1.643,BTCUSDT
2025-09-30 00:00:43.118,114191.9,0.001,BTCUSDT
2025-09-30 00:00:43.118,114191.9,0.001,BTCUSDT
2025-09-30 00:00:43.118,114191.9,0.001,BTCUSDT
2025-09-30 00:00:43.118,114191.9,0.001,BTCUSDT
2025-09-30 00:00:43.118,114191.9,0.001,BTCUSDT
2025-09-30 00:00:43.118,114191.9,0.001,BTCUSDT
2025-09-30 00:00:43.118,114191.9,0.001,BTCUSDT
2025-09-30 00:00:43.118,114191.9,0.001,BTCUSDT
2025-09-30 00:00:43.118,114191.9,0.001,BTCUSDT
2025-09-30 00:00:43.118,114191.9,0.001,BTCUSDT
2025-09-30 00:00:43.118,114191.9,0.001,BTCUSDT
2025-09-30 00:00:43.118,114191.9,0.001,BTCUSDT
2025-09-30 00:00:43.118,114191.9,0.001,BTCUSDT
2025-09-30 00:00:43.118,114191.9,0.001,BTCUSDT
2025-09-30 00:00:43.118,114191.9,0.001,BTCUSDT
2025-09-30 00:00:43.118,114191.9,0.001,BTCUSDT
2025-09-30 00:00:43.118,114191.9,0.001,BTCUSDT
2025-09-30 00:00:43.118,114191.9,0.001,BTCUSDT
2025-09-30 00:00:43.130,114191.8,0.001,BTCUSDT
2025-09-30 00:00:43.130,114191.6,0.001,BTCUSDT
2025-09-30 00:00:43.130,114191.5,0.002,BTCUSDT
2025-09-30 00:00:43.130,114190.9,0.002,BTCUSDT
2025-09-30 00:00:43.130,114190.3,0.002,BTCUSDT
2025-09-30 00:00:43.130,114190.2,0.002,BTCUSDT
2025-09-30 00:00:43.130,114190.0,0.001,BTCUSDT
2025-09-30 00:00:43.177,114189.5,0.001,BTCUSDT
2025-09-30 00:00:43.177,114189.5,0.001,BTCUSDT
2025-09-30 00:00:43.177,114189.5,0.001,BTCUSDT
2025-09-30 00:00:43.177,114189.3,0.002,BTCUSDT
2025-09-30 00:00:43.177,114189.2,0.001,BTCUSDT
2025-09-30 00:00:43.177,114189.1,0.002,BTCUSDT
2025-09-30 00:00:43.201,114188.7,0.002,BTCUSDT
2025-09-30 00:00:43.201,114188.4,0.001,BTCUSDT
2025-09-30 00:00:43.201,114188.2,0.001,BTCUSDT
2025-09-30 00:00:43.201,114188.1,0.002,BTCUSDT
2025-09-30 00:00:43.201,114188.0,0.002,BTCUSDT
2025-09-30 00:00:43.201,114187.8,0.001,BTCUSDT
2025-09-30 00:00:43.201,114187.5,0.002,BTCUSDT
2025-09-30 00:00:43.201,114187.4,0.011,BTCUSDT
2025-09-30 00:00:43.201,114187.4,0.066,BTCUSDT
2025-09-30 00:00:43.201,114187.4,0.002,BTCUSDT
2025-09-30 00:00:43.201,114187.4,0.002,BTCUSDT
2025-09-30 00:00:43.201,114187.4,0.001,BTCUSDT
2025-09-30 00:00:43.201,114187.3,0.034,BTCUSDT
2025-09-30 00:00:43.201,114187.3,0.002,BTCUSDT
2025-09-30 00:00:43.201,114186.9,0.002,BTCUSDT
2025-09-30 00:00:43.202,114186.9,0.002,BTCUSDT
2025-09-30 00:00:43.202,114186.9,0.002,BTCUSDT
2025-09-30 00:00:43.202,114186.9,0.002,BTCUSDT
2025-09-30 00:00:43.202,114186.6,0.001,BTCUSDT
2025-09-30 00:00:43.248,114186.5,0.002,BTCUSDT
2025-09-30 00:00:43.251,114186.5,0.054,BTCUSDT
2025-09-30 00:00:43.259,114186.4,0.001,BTCUSDT
2025-09-30 00:00:43.259,114186.4,0.001,BTCUSDT
2025-09-30 00:00:43.259,114186.4,0.001,BTCUSDT
2025-09-30 00:00:43.259,114186.4,0.001,BTCUSDT
2025-09-30 00:00:43.259,114186.3,0.002,BTCUSDT
2025-09-30 00:00:43.259,114186.2,0.04,BTCUSDT
2025-09-30 00:00:43.277,114186.2,0.02,BTCUSDT
2025-09-30 00:00:43.277,114186.2,0.001,BTCUSDT
2025-09-30 00:00:43.277,114185.9,0.001,BTCUSDT
2025-09-30 00:00:43.277,114185.8,0.002,BTCUSDT
2025-09-30 00:00:43.277,114185.3,0.002,BTCUSDT
2025-09-30 00:00:43.277,114185.3,0.002,BTCUSDT
2025-09-30 00:00:43.277,114185.1,0.001,BTCUSDT
2025-09-30 00:00:43.277,114185.0,0.001,BTCUSDT
2025-09-30 00:00:43.277,114184.9,0.001,BTCUSDT
2025-09-30 00:00:43.277,114184.6,0.002,BTCUSDT
2025-09-30 00:00:43.277,114184.6,0.002,BTCUSDT
2025-09-30 00:00:43.277,114184.6,0.002,BTCUSDT
2025-09-30 00:00:43.277,114184.0,0.002,BTCUSDT
2025-09-30 00:00:43.277,114183.9,0.002,BTCUSDT
2025-09-30 00:00:43.277,114183.5,0.002,BTCUSDT
2025-09-30 00:00:43.277,114183.5,0.04,BTCUSDT
2025-09-30 00:00:43.277,114183.4,0.001,BTCUSDT
2025-09-30 00:00:43.277,114183.4,0.001,BTCUSDT
2025-09-30 00:00:43.277,114183.3,0.002,BTCUSDT
2025-09-30 00:00:43.277,114183.3,0.001,BTCUSDT
2025-09-30 00:00:43.277,114183.0,0.001,BTCUSDT
2025-09-30 00:00:43.277,114182.7,0.002,BTCUSDT
2025-09-30 00:00:43.277,114182.4,0.002,BTCUSDT
2025-09-30 00:00:43.277,114182.1,0.002,BTCUSDT
2025-09-30 00:00:43.297,114185.4,0.001,BTCUSDT
2025-09-30 00:00:43.327,114181.7,0.001,BTCUSDT
2025-09-30 00:00:43.327,114181.7,0.001,BTCUSDT
2025-09-30 00:00:43.327,114181.6,0.001,BTCUSDT
2025-09-30 00:00:43.422,114181.5,0.001,BTCUSDT
2025-09-30 00:00:43.422,114181.5,0.002,BTCUSDT
2025-09-30 00:00:43.422,114181.5,0.001,BTCUSDT
2025-09-30 00:00:43.422,114181.5,0.001,BTCUSDT
2025-09-30 00:00:43.422,114181.5,0.001,BTCUSDT
2025-09-30 00:00:43.422,114181.5,0.001,BTCUSDT
2025-09-30 00:00:43.422,114181.5,0.001,BTCUSDT
2025-09-30 00:00:43.422,114181.5,0.001,BTCUSDT
2025-09-30 00:00:43.422,114181.5,0.001,BTCUSDT
2025-09-30 00:00:43.422,114181.5,0.001,BTCUSDT
2025-09-30 00:00:43.422,114181.5,0.001,BTCUSDT
2025-09-30 00:00:43.422,114181.5,0.001,BTCUSDT
2025-09-30 00:00:43.422,114181.5,0.001,BTCUSDT
2025-09-30 00:00:43.422,114181.5,0.001,BTCUSDT
2025-09-30 00:00:43.422,114181.5,0.001,BTCUSDT
2025-09-30 00:00:43.422,114181.5,0.001,BTCUSDT
2025-09-30 00:00:43.422,114181.3,0.002,BTCUSDT
2025-09-30 00:00:43.422,114181.2,0.001,BTCUSDT
2025-09-30 00:00:43.443,114180.9,0.001,BTCUSDT
2025-09-30 00:00:43.505,114181.0,0.008,BTCUSDT
2025-09-30 00:00:43.566,114181.0,0.723,BTCUSDT
2025-09-30 00:00:43.589,114180.9,0.001,BTCUSDT
2025-09-30 00:00:43.589,114180.9,0.002,BTCUSDT
2025-09-30 00:00:43.589,114180.9,0.001,BTCUSDT
2025-09-30 00:00:43.589,114180.9,0.001,BTCUSDT
2025-09-30 00:00:43.589,114180.9,0.001,BTCUSDT
2025-09-30 00:00:43.589,114180.9,0.001,BTCUSDT
2025-09-30 00:00:43.589,114180.9,0.049,BTCUSDT
2025-09-30 00:00:43.589,114180.9,0.001,BTCUSDT
2025-09-30 00:00:43.589,114180.9,0.001,BTCUSDT
2025-09-30 00:00:43.589,114180.9,0.051,BTCUSDT
2025-09-30 00:00:43.589,114180.9,0.001,BTCUSDT
2025-09-30 00:00:43.589,114180.9,0.001,BTCUSDT
2025-09-30 00:00:43.589,114180.9,0.056,BTCUSDT
2025-09-30 00:00:43.589,114180.9,0.05,BTCUSDT
2025-09-30 00:00:43.589,114180.1,0.002,BTCUSDT
2025-09-30 00:00:43.604,114180.0,0.001,BTCUSDT
2025-09-30 00:00:43.604,114180.0,0.001,BTCUSDT
2025-09-30 00:00:43.604,114180.0,0.001,BTCUSDT
2025-09-30 00:00:43.604,114180.0,0.012,BTCUSDT
2025-09-30 00:00:43.706,114180.0,0.075,BTCUSDT
2025-09-30 00:00:43.706,114180.0,0.001,BTCUSDT
2025-09-30 00:00:43.706,114180.0,0.001,BTCUSDT
2025-09-30 00:00:43.706,114180.0,0.001,BTCUSDT
2025-09-30 00:00:43.706,114180.0,0.001,BTCUSDT
2025-09-30 00:00:43.706,114180.0,0.001,BTCUSDT
2025-09-30 00:00:43.706,114180.0,0.001,BTCUSDT
2025-09-30 00:00:43.706,114180.0,0.001,BTCUSDT
2025-09-30 00:00:43.706,114180.0,0.014,BTCUSDT
2025-09-30 00:00:43.825,114180.0,0.002,BTCUSDT
2025-09-30 00:00:43.891,114180.1,0.01,BTCUSDT
2025-09-30 00:00:43.891,114180.1,0.011,BTCUSDT
2025-09-30 00:00:43.891,114180.1,0.005,BTCUSDT
2025-09-30 00:00:43.891,114180.1,0.011,BTCUSDT
2025-09-30 00:00:43.891,114180.1,0.003,BTCUSDT
2025-09-30 00:00:44.029,114180.1,0.135,BTCUSDT
2025-09-30 00:00:44.029,114180.1,0.149,BTCUSDT
2025-09-30 00:00:44.029,114180.1,0.103,BTCUSDT
2025-09-30 00:00:44.029,114180.1,0.149,BTCUSDT
2025-09-30 00:00:44.029,114180.1,0.026,BTCUSDT
2025-09-30 00:00:44.029,114180.1,0.103,BTCUSDT
2025-09-30 00:00:44.029,114180.1,0.138,BTCUSDT
2025-09-30 00:00:44.029,114180.1,0.019,BTCUSDT
2025-09-30 00:00:44.112,114180.1,0.008,BTCUSDT
2025-09-30 00:00:44.207,114180.0,0.088,BTCUSDT
2025-09-30 00:00:44.364,114180.1,0.037,BTCUSDT
2025-09-30 00:00:44.364,114180.1,0.026,BTCUSDT
2025-09-30 00:00:44.364,114180.1,0.064,BTCUSDT
2025-09-30 00:00:44.364,114180.1,0.064,BTCUSDT
2025-09-30 00:00:44.364,114180.1,0.088,BTCUSDT
2025-09-30 00:00:44.364,114180.1,0.088,BTCUSDT
2025-09-30 00:00:44.364,114180.1,0.118,BTCUSDT
2025-09-30 00:00:44.364,114180.1,0.118,BTCUSDT
2025-09-30 00:00:44.364,114180.1,0.064,BTCUSDT
2025-09-30 00:00:44.364,114180.1,0.125,BTCUSDT
2025-09-30 00:00:44.364,114180.1,0.064,BTCUSDT
2025-09-30 00:00:44.364,114180.1,0.023,BTCUSDT
2025-09-30 00:00:44.364,114180.1,0.011,BTCUSDT
2025-09-30 00:00:44.364,114180.1,0.268,BTCUSDT
2025-09-30 00:00:44.456,114180.1,0.001,BTCUSDT
2025-09-30 00:00:44.456,114180.1,0.007,BTCUSDT
2025-09-30 00:00:44.460,114180.1,0.036,BTCUSDT
2025-09-30 00:00:44.460,114180.1,0.017,BTCUSDT
2025-09-30 00:00:44.460,114180.1,0.349,BTCUSDT
2025-09-30 00:00:44.460,114180.1,0.001,BTCUSDT
2025-09-30 00:00:44.460,114180.1,0.005,BTCUSDT
2025-09-30 00:00:44.460,114180.1,0.011,BTCUSDT
2025-09-30 00:00:44.460,114180.1,0.028,BTCUSDT
2025-09-30 00:00:44.460,114180.1,0.355,BTCUSDT
2025-09-30 00:00:44.460,114180.1,0.188,BTCUSDT
2025-09-30 00:00:44.460,114180.1,0.001,BTCUSDT
2025-09-30 00:00:44.460,114180.1,0.006,BTCUSDT
2025-09-30 00:00:44.460,114180.1,0.002,BTCUSDT
2025-09-30 00:00:44.460,114180.1,0.001,BTCUSDT
2025-09-30 00:00:44.462,114180.1,0.001,BTCUSDT
2025-09-30 00:00:44.462,114180.2,0.001,BTCUSDT
2025-09-30 00:00:44.462,114180.2,0.001,BTCUSDT
2025-09-30 00:00:44.462,114180.2,0.001,BTCUSDT
2025-09-30 00:00:44.462,114180.6,0.002,BTCUSDT
2025-09-30 00:00:44.471,114181.0,0.002,BTCUSDT
2025-09-30 00:00:44.471,114181.0,0.018,BTCUSDT
2025-09-30 00:00:44.471,114181.0,0.24,BTCUSDT
2025-09-30 00:00:44.471,114181.0,0.001,BTCUSDT
2025-09-30 00:00:44.471,114181.0,0.001,BTCUSDT
2025-09-30 00:00:44.471,114181.0,0.001,BTCUSDT
2025-09-30 00:00:44.471,114181.0,0.001,BTCUSDT
2025-09-30 00:00:44.471,114181.0,0.001,BTCUSDT
2025-09-30 00:00:44.471,114181.0,0.001,BTCUSDT
2025-09-30 00:00:44.471,114181.0,0.002,BTCUSDT
2025-09-30 00:00:44.471,114181.0,0.002,BTCUSDT
2025-09-30 00:00:44.471,114181.1,0.001,BTCUSDT
2025-09-30 00:00:44.471,114181.2,0.002,BTCUSDT
2025-09-30 00:00:44.476,114181.9,0.002,BTCUSDT
2025-09-30 00:00:44.476,114181.9,0.001,BTCUSDT
2025-09-30 00:00:44.476,114181.9,0.001,BTCUSDT
2025-09-30 00:00:44.476,114181.9,0.001,BTCUSDT
2025-09-30 00:00:44.476,114183.0,0.002,BTCUSDT
2025-09-30 00:00:44.476,114183.0,0.001,BTCUSDT
2025-09-30 00:00:44.476,114183.3,0.001,BTCUSDT
2025-09-30 00:00:44.476,114183.3,0.087,BTCUSDT
2025-09-30 00:00:44.476,114183.8,0.002,BTCUSDT
2025-09-30 00:00:44.476,114184.0,0.002,BTCUSDT
2025-09-30 00:00:44.483,114184.9,0.002,BTCUSDT
2025-09-30 00:00:44.483,114184.9,0.001,BTCUSDT
2025-09-30 00:00:44.483,114185.0,0.002,BTCUSDT
2025-09-30 00:00:44.483,114185.5,0.065,BTCUSDT
2025-09-30 00:00:44.483,114185.7,0.002,BTCUSDT
2025-09-30 00:00:44.483,114186.1,0.001,BTCUSDT
2025-09-30 00:00:44.483,114186.4,0.002,BTCUSDT
2025-09-30 00:00:44.483,114187.0,0.002,BTCUSDT
2025-09-30 00:00:44.483,114187.0,0.001,BTCUSDT
2025-09-30 00:00:44.483,114187.5,0.001,BTCUSDT
2025-09-30 00:00:44.483,114187.6,0.002,BTCUSDT
2025-09-30 00:00:44.483,114188.2,0.002,BTCUSDT
2025-09-30 00:00:44.483,114188.2,0.001,BTCUSDT
2025-09-30 00:00:44.483,114188.4,0.001,BTCUSDT
2025-09-30 00:00:44.483,114188.8,0.002,BTCUSDT
2025-09-30 00:00:44.483,114188.8,0.002,BTCUSDT
2025-09-30 00:00:44.483,114189.6,0.002,BTCUSDT
2025-09-30 00:00:44.483,114189.9,0.001,BTCUSDT
2025-09-30 00:00:44.483,114190.0,0.001,BTCUSDT
2025-09-30 00:00:44.483,114190.0,0.002,BTCUSDT
2025-09-30 00:00:44.483,114190.3,0.002,BTCUSDT
2025-09-30 00:00:44.808,114191.0,0.002,BTCUSDT
2025-09-30 00:00:44.808,114191.0,0.205,BTCUSDT
2025-09-30 00:00:44.808,114191.0,0.009,BTCUSDT
2025-09-30 00:00:44.808,114191.0,0.059,BTCUSDT
2025-09-30 00:00:44.808,114191.0,0.087,BTCUSDT
2025-09-30 00:00:44.808,114191.0,0.001,BTCUSDT
2025-09-30 00:00:44.808,114191.0,0.001,BTCUSDT
2025-09-30 00:00:44.808,114191.0,0.35,BTCUSDT
2025-09-30 00:00:44.808,114191.0,0.002,BTCUSDT
2025-09-30 00:00:44.808,114191.1,0.001,BTCUSDT
2025-09-30 00:00:44.808,114191.1,0.001,BTCUSDT
2025-09-30 00:00:44.808,114191.1,0.001,BTCUSDT
2025-09-30 00:00:44.808,114191.3,0.002,BTCUSDT
2025-09-30 00:00:44.808,114191.6,0.001,BTCUSDT
2025-09-30 00:00:44.808,114191.6,0.003,BTCUSDT
2025-09-30 00:00:44.808,114192.0,0.002,BTCUSDT
2025-09-30 00:00:44.808,114192.0,0.05,BTCUSDT
2025-09-30 00:00:44.808,114192.1,0.002,BTCUSDT
2025-09-30 00:00:44.808,114192.4,0.001,BTCUSDT
2025-09-30 00:00:44.808,114192.6,0.002,BTCUSDT
2025-09-30 00:00:44.808,114192.6,0.001,BTCUSDT
2025-09-30 00:00:44.808,114192.8,0.05,BTCUSDT
2025-09-30 00:00:44.808,114193.2,0.002,BTCUSDT
2025-09-30 00:00:44.808,114193.2,0.001,BTCUSDT
2025-09-30 00:00:44.808,114193.3,0.001,BTCUSDT
2025-09-30 00:00:44.808,114193.5,0.002,BTCUSDT
2025-09-30 00:00:44.808,114193.8,0.001,BTCUSDT
2025-09-30 00:00:44.808,114193.8,0.002,BTCUSDT
2025-09-30 00:00:44.808,114194.3,0.001,BTCUSDT
2025-09-30 00:00:44.808,114194.5,0.002,BTCUSDT
2025-09-30 00:00:44.808,114194.8,0.002,BTCUSDT
2025-09-30 00:00:44.808,114194.8,0.007,BTCUSDT
2025-09-30 00:00:44.808,114195.0,0.002,BTCUSDT
2025-09-30 00:00:44.808,114195.0,0.001,BTCUSDT
2025-09-30 00:00:44.808,114195.2,0.001,BTCUSDT
2025-09-30 00:00:45.031,114195.2,0.02,BTCUSDT
2025-09-30 00:00:45.037,114195.3,0.008,BTCUSDT
2025-09-30 00:00:45.074,114195.2,0.006,BTCUSDT
2025-09-30 00:00:45.233,114195.2,0.088,BTCUSDT
2025-09-30 00:00:45.287,114195.3,0.031,BTCUSDT
2025-09-30 00:00:45.342,114195.2,0.001,BTCUSDT
2025-09-30 00:00:45.376,114195.3,0.001,BTCUSDT
2025-09-30 00:00:45.381,114195.3,0.008,BTCUSDT
2025-09-30 00:00:45.535,114195.2,0.007,BTCUSDT
2025-09-30 00:00:45.535,114195.2,0.129,BTCUSDT
2025-09-30 00:00:45.632,114195.2,0.004,BTCUSDT
2025-09-30 00:00:45.636,114195.2,0.004,BTCUSDT
2025-09-30 00:00:45.689,114195.2,0.012,BTCUSDT
2025-09-30 00:00:45.771,114195.3,1.708,BTCUSDT
2025-09-30 00:00:45.771,114195.3,0.001,BTCUSDT
2025-09-30 00:00:45.771,114195.3,0.001,BTCUSDT
2025-09-30 00:00:45.771,114195.3,0.009,BTCUSDT
2025-09-30 00:00:45.771,114195.3,0.001,BTCUSDT
2025-09-30 00:00:45.771,114195.3,0.008,BTCUSDT
2025-09-30 00:00:45.771,114195.3,0.009,BTCUSDT
2025-09-30 00:00:45.771,114195.3,0.002,BTCUSDT
2025-09-30 00:00:45.771,114195.3,0.002,BTCUSDT
2025-09-30 00:00:45.771,114195.4,0.001,BTCUSDT
2025-09-30 00:00:45.771,114195.4,0.001,BTCUSDT
2025-09-30 00:00:45.771,114195.4,0.001,BTCUSDT
2025-09-30 00:00:45.771,114195.5,0.002,BTCUSDT
2025-09-30 00:00:45.771,114196.0,0.002,BTCUSDT
2025-09-30 00:00:45.771,114196.0,0.001,BTCUSDT
2025-09-30 00:00:45.771,114196.0,0.002,BTCUSDT
2025-09-30 00:00:45.771,114196.1,0.002,BTCUSDT
2025-09-30 00:00:45.771,114196.3,0.001,BTCUSDT
2025-09-30 00:00:45.771,114196.3,0.001,BTCUSDT
2025-09-30 00:00:45.771,114196.3,0.001,BTCUSDT
2025-09-30 00:00:45.771,114196.3,0.001,BTCUSDT
2025-09-30 00:00:45.771,114196.3,0.001,BTCUSDT
2025-09-30 00:00:45.771,114196.3,0.001,BTCUSDT
2025-09-30 00:00:45.771,114196.3,0.001,BTCUSDT
2025-09-30 00:00:45.771,114196.3,0.001,BTCUSDT
2025-09-30 00:00:45.771,114196.3,0.001,BTCUSDT
2025-09-30 00:00:45.771,114196.3,0.001,BTCUSDT
2025-09-30 00:00:45.771,114196.3,0.001,BTCUSDT
2025-09-30 00:00:45.771,114196.3,0.001,BTCUSDT
2025-09-30 00:00:45.771,114196.4,0.002,BTCUSDT
2025-09-30 00:00:45.771,114196.5,0.001,BTCUSDT
2025-09-30 00:00:45.771,114196.7,0.002,BTCUSDT
2025-09-30 00:00:45.771,114197.1,0.002,BTCUSDT
2025-09-30 00:00:45.771,114197.1,0.002,BTCUSDT
2025-09-30 00:00:45.771,114197.3,0.002,BTCUSDT
2025-09-30 00:00:45.771,114197.3,0.002,BTCUSDT
2025-09-30 00:00:45.771,114197.3,0.001,BTCUSDT
2025-09-30 00:00:45.771,114197.4,0.002,BTCUSDT
2025-09-30 00:00:45.771,114197.7,0.001,BTCUSDT
2025-09-30 00:00:45.771,114197.9,0.002,BTCUSDT
2025-09-30 00:00:45.771,114198.2,0.002,BTCUSDT
2025-09-30 00:00:45.771,114198.3,0.002,BTCUSDT
2025-09-30 00:00:45.771,114198.4,0.001,BTCUSDT
2025-09-30 00:00:45.772,114198.5,0.002,BTCUSDT
2025-09-30 00:00:45.772,114198.8,0.001,BTCUSDT
2025-09-30 00:00:45.772,114199.1,0.002,BTCUSDT
2025-09-30 00:00:45.772,114199.2,0.001,BTCUSDT
2025-09-30 00:00:45.772,114199.3,0.002,BTCUSDT
2025-09-30 00:00:45.772,114199.4,0.001,BTCUSDT
2025-09-30 00:00:45.772,114199.4,0.002,BTCUSDT
2025-09-30 00:00:45.772,114199.6,0.002,BTCUSDT
2025-09-30 00:00:45.772,114199.7,0.002,BTCUSDT
2025-09-30 00:00:45.772,114199.8,0.001,BTCUSDT
2025-09-30 00:00:45.772,114200.0,0.001,BTCUSDT
2025-09-30 00:00:45.772,114200.0,0.002,BTCUSDT
2025-09-30 00:00:45.772,114200.4,0.002,BTCUSDT
2025-09-30 00:00:45.772,114200.5,0.002,BTCUSDT
2025-09-30 00:00:45.772,114200.6,0.002,BTCUSDT
2025-09-30 00:00:45.772,114201.0,0.06,BTCUSDT
2025-09-30 00:00:45.772,114201.1,0.001,BTCUSDT
2025-09-30 00:00:45.772,114201.2,0.002,BTCUSDT
2025-09-30 00:00:45.772,114201.5,0.001,BTCUSDT
2025-09-30 00:00:45.772,114201.5,0.002,BTCUSDT
2025-09-30 00:00:45.772,114201.5,0.001,BTCUSDT
2025-09-30 00:00:45.772,114201.7,0.001,BTCUSDT
2025-09-30 00:00:45.772,114201.7,0.002,BTCUSDT
2025-09-30 00:00:45.772,114201.8,0.002,BTCUSDT
2025-09-30 00:00:45.772,114202.4,0.002,BTCUSDT
2025-09-30 00:00:45.772,114202.5,0.002,BTCUSDT
2025-09-30 00:00:45.772,114202.6,0.002,BTCUSDT
2025-09-30 00:00:45.772,114203.1,0.001,BTCUSDT
2025-09-30 00:00:45.772,114203.2,0.002,BTCUSDT
2025-09-30 00:00:45.772,114203.3,0.002,BTCUSDT
2025-09-30 00:00:45.772,114203.7,0.002,BTCUSDT
2025-09-30 00:00:45.772,114204.1,0.003,BTCUSDT
2025-09-30 00:00:45.772,114204.3,0.002,BTCUSDT
2025-09-30 00:00:45.772,114204.4,0.001,BTCUSDT
2025-09-30 00:00:45.772,114204.6,0.001,BTCUSDT
2025-09-30 00:00:45.772,114204.7,0.001,BTCUSDT
2025-09-30 00:00:45.772,114204.8,0.002,BTCUSDT
2025-09-30 00:00:45.772,114204.9,0.002,BTCUSDT
2025-09-30 00:00:45.772,114205.0,0.001,BTCUSDT
2025-09-30 00:00:45.772,114205.0,0.002,BTCUSDT
2025-09-30 00:00:45.772,114205.1,0.001,BTCUSDT
2025-09-30 00:00:45.772,114205.2,0.001,BTCUSDT
2025-09-30 00:00:45.772,114205.2,0.001,BTCUSDT
2025-09-30 00:00:45.772,114205.4,0.002,BTCUSDT
2025-09-30 00:00:45.772,114205.4,0.002,BTCUSDT
2025-09-30 00:00:45.772,114205.4,0.002,BTCUSDT
2025-09-30 00:00:45.772,114205.5,0.002,BTCUSDT
2025-09-30 00:00:45.772,114205.7,0.006,BTCUSDT
2025-09-30 00:00:45.772,114206.1,0.001,BTCUSDT
2025-09-30 00:00:45.772,114206.1,0.002,BTCUSDT
2025-09-30 00:00:45.772,114206.4,0.001,BTCUSDT
2025-09-30 00:00:45.772,114206.4,0.002,BTCUSDT
2025-09-30 00:00:45.772,114206.4,0.001,BTCUSDT
2025-09-30 00:00:45.772,114206.5,0.002,BTCUSDT
2025-09-30 00:00:45.772,114206.7,0.002,BTCUSDT
2025-09-30 00:00:45.772,114207.1,0.002,BTCUSDT
2025-09-30 00:00:45.772,114207.2,0.003,BTCUSDT
2025-09-30 00:00:45.772,114207.3,0.002,BTCUSDT
2025-09-30 00:00:45.772,114207.4,0.003,BTCUSDT
2025-09-30 00:00:45.772,114207.4,0.044,BTCUSDT
2025-09-30 00:00:45.836,114207.4,0.001,BTCUSDT
2025-09-30 00:00:45.990,114207.4,0.176,BTCUSDT
2025-09-30 00:00:45.990,114207.4,0.18,BTCUSDT
2025-09-30 00:00:45.990,114207.4,0.047,BTCUSDT
2025-09-30 00:00:45.990,114207.4,0.006,BTCUSDT
2025-09-30 00:00:46.006,114207.3,0.02,BTCUSDT
2025-09-30 00:00:46.200,114207.4,0.004,BTCUSDT
2025-09-30 00:00:46.203,114207.3,0.044,BTCUSDT
2025-09-30 00:00:46.203,114207.3,0.044,BTCUSDT
2025-09-30 00:00:46.607,114207.4,0.008,BTCUSDT
2025-09-30 00:00:46.958,114207.4,0.006,BTCUSDT
2025-09-30 00:00:46.958,114207.4,0.002,BTCUSDT
2025-09-30 00:00:47.184,114207.3,0.088,BTCUSDT
2025-09-30 00:00:47.204,114207.3,0.003,BTCUSDT
2025-09-30 00:00:47.523,114207.4,0.008,BTCUSDT
2025-09-30 00:00:47.838,114207.4,0.005,BTCUSDT
2025-09-30 00:00:47.887,114207.4,0.008,BTCUSDT
2025-09-30 00:00:48.039,114207.3,0.001,BTCUSDT
2025-09-30 00:00:48.074,114207.3,0.01,BTCUSDT
2025-09-30 00:00:48.074,114207.3,0.001,BTCUSDT
2025-09-30 00:00:48.074,114207.3,0.009,BTCUSDT
2025-09-30 00:00:48.074,114207.3,0.009,BTCUSDT
2025-09-30 00:00:48.074,114207.3,0.001,BTCUSDT
2025-09-30 00:00:48.074,114207.3,0.137,BTCUSDT
2025-09-30 00:00:48.074,114207.3,0.002,BTCUSDT
2025-09-30 00:00:48.074,114207.3,0.001,BTCUSDT
2025-09-30 00:00:48.074,114207.3,0.002,BTCUSDT
2025-09-30 00:00:48.074,114207.3,0.262,BTCUSDT
2025-09-30 00:00:48.074,114207.3,0.001,BTCUSDT
2025-09-30 00:00:48.074,114207.3,0.004,BTCUSDT
2025-09-30 00:00:48.074,114207.3,0.021,BTCUSDT
2025-09-30 00:00:48.074,114207.3,0.018,BTCUSDT
2025-09-30 00:00:48.074,114207.3,0.172,BTCUSDT
2025-09-30 00:00:48.074,114207.3,0.008,BTCUSDT
2025-09-30 00:00:48.074,114207.3,0.001,BTCUSDT
2025-09-30 00:00:48.074,114207.3,0.006,BTCUSDT
2025-09-30 00:00:48.074,114207.3,0.001,BTCUSDT
2025-09-30 00:00:48.074,114207.3,0.001,BTCUSDT
2025-09-30 00:00:48.074,114207.2,0.001,BTCUSDT
2025-09-30 00:00:48.074,114207.2,0.001,BTCUSDT
2025-09-30 00:00:48.074,114207.2,0.004,BTCUSDT
2025-09-30 00:00:48.074,114206.8,0.002,BTCUSDT
2025-09-30 00:00:48.074,114206.3,0.002,BTCUSDT
2025-09-30 00:00:48.074,114205.2,0.002,BTCUSDT
2025-09-30 00:00:48.074,114205.2,0.002,BTCUSDT
2025-09-30 00:00:48.074,114205.0,0.001,BTCUSDT
2025-09-30 00:00:48.074,114205.0,0.001,BTCUSDT
2025-09-30 00:00:48.074,114204.6,0.001,BTCUSDT
2025-09-30 00:00:48.074,114204.6,0.002,BTCUSDT
2025-09-30 00:00:48.074,114204.6,0.002,BTCUSDT
2025-09-30 00:00:48.074,114204.1,0.002,BTCUSDT
2025-09-30 00:00:48.074,114203.8,0.002,BTCUSDT
2025-09-30 00:00:48.074,114203.5,0.002,BTCUSDT
2025-09-30 00:00:48.074,114203.3,0.001,BTCUSDT
2025-09-30 00:00:48.074,114203.2,0.002,BTCUSDT
2025-09-30 00:00:48.074,114202.9,0.002,BTCUSDT
2025-09-30 00:00:48.074,114202.9,0.002,BTCUSDT
2025-09-30 00:00:48.074,114202.6,0.002,BTCUSDT
2025-09-30 00:00:48.074,114202.3,0.002,BTCUSDT
2025-09-30 00:00:48.074,114202.0,0.002,BTCUSDT
2025-09-30 00:00:48.074,114202.0,0.065,BTCUSDT
2025-09-30 00:00:48.074,114202.0,0.004,BTCUSDT
2025-09-30 00:00:48.074,114201.9,0.002,BTCUSDT
2025-09-30 00:00:48.074,114201.8,0.002,BTCUSDT
2025-09-30 00:00:48.074,114201.8,0.002,BTCUSDT
2025-09-30 00:00:48.074,114201.7,0.001,BTCUSDT
2025-09-30 00:00:48.074,114201.6,0.06,BTCUSDT
2025-09-30 00:00:48.074,114201.6,0.009,BTCUSDT
2025-09-30 00:00:48.074,114201.6,0.001,BTCUSDT
2025-09-30 00:00:48.074,114201.6,0.018,BTCUSDT
2025-09-30 00:00:48.074,114201.6,0.01,BTCUSDT
2025-09-30 00:00:48.074,114201.2,0.002,BTCUSDT
2025-09-30 00:00:48.074,114201.1,0.001,BTCUSDT
2025-09-30 00:00:48.074,114200.9,0.002,BTCUSDT
2025-09-30 00:00:48.074,114200.9,0.015,BTCUSDT
2025-09-30 00:00:48.074,114200.6,0.002,BTCUSDT
2025-09-30 00:00:48.074,114200.3,0.002,BTCUSDT
2025-09-30 00:00:48.074,114200.1,0.002,BTCUSDT
2025-09-30 00:00:48.074,114200.1,0.001,BTCUSDT
2025-09-30 00:00:48.145,114200.0,0.001,BTCUSDT
2025-09-30 00:00:48.145,114200.0,0.087,BTCUSDT
2025-09-30 00:00:48.295,114200.1,0.002,BTCUSDT
2025-09-30 00:00:48.454,114200.1,0.009,BTCUSDT
2025-09-30 00:00:48.793,114200.1,0.008,BTCUSDT
2025-09-30 00:00:48.824,114200.1,0.031,BTCUSDT
2025-09-30 00:00:49.096,114200.0,0.088,BTCUSDT
2025-09-30 00:00:49.722,114200.0,0.002,BTCUSDT
2025-09-30 00:00:50.024,114200.0,0.088,BTCUSDT
2025-09-30 00:00:50.045,114200.0,0.028,BTCUSDT
2025-09-30 00:00:50.132,114200.0,0.097,BTCUSDT
2025-09-30 00:00:50.305,114200.0,0.003,BTCUSDT
2025-09-30 00:00:50.918,114200.0,0.062,BTCUSDT
2025-09-30 00:00:51.117,114200.0,0.088,BTCUSDT
2025-09-30 00:00:51.280,114200.0,0.007,BTCUSDT
2025-09-30 00:00:51.393,114200.1,0.001,BTCUSDT
2025-09-30 00:00:51.544,114200.1,0.001,BTCUSDT
